@book{b1,
  title={A cidade polif{\^o}nica: ensaio sobre a antropologia da comunica{\c{c}}{\~a}o urbana},
  author={Canevacci, Massimo},
  year={1993},
  publisher={Studio Nobel}
}
@book{b2,
  title={Comunica{\c{c}}{\~a}o visual},
  author={Canevacci, Massimo},
  year={2009},
  publisher={Brasiliense}
}

@article{b3,
  title={Fetichismos visuais},
  author={Canevacci, Massimo},
  journal={Ateli{\^e}, S{\~a}o Paulo, Brasil},
  year={2008}
}

@article{b4,
  title={Balinese character. A photographic analysis},
  author={Bateson, Gregory and Mead, Margaret},
  journal={New York},
  pages={17--92},
  year={1942}
}
@book{b5,
  title={Steps to an ecology of mind: Collected essays in anthropology, psychiatry, evolution, and epistemology},
  author={Bateson, Gregory},
  year={1972},
  publisher={University of Chicago Press}
}
@article{b6,
  title={Per l'amor di Dio, Margaret! Intervista a Bateson e Mead},
  author={Brand, S},
  journal={Studi Culturali},
  number={1},
  year={2004}
}
@book{b7,
  title={Naven: A survey of the problems suggested by a composite picture of the culture of a New Guinea tribe drawn from 3 points of view},
  author={Bateson, Gregory},
  year={1936},
  publisher={University Press}
}

